@article{chomsky1970,
  author  = {Noam Chomsky},
  title   = {Remarks on Nominalization},
  journal = {R. Jacobs and P. Rosenbaum (eds.)},
  chapter  = {Reading in English Transformational Grammar},
  pages   = {184-221},
  year    = {1970}
}

@book{chomsky1957,
  author    = {Noam Chomsky},
  title     = {Syntactic Structures},
  year      = {1957},
  publisher = {Mouton de Gruyter}
}

@book{carnie2006,
  author    = {Andrew Carnie},
  title     = {Syntax: A Generative Introduction},
  edition   = {Second},
  publisher = {Blackwell Publishing},
  year      = {2006},
  chapter   = {6},
  pages     = {151},
  note      = {X-Bar Theory}
}

@article{turing1936,
  author    = {Alan M. Turing},
  title     = {On Computable Numbers, with an Application to the Entscheidungsproblem},
  journal   = {Proceedings of the London Mathematical Society},
  volume    = {s2-42},
  number    = {1},
  pages     = {230--265},
  year      = {1936},
}

@book{kleene1952,
  author    = {Stephen Cole Kleene},
  title     = {Introduction to Metamathematics},
  year      = {1952},
  publisher = {North-Holland},
}

@book{berlekamp2001,
  author    = {E. R. Berlekamp and John Horton Conway and R. K. Guy},
  title     = {Winning Ways for your Mathematical Plays},
  edition   = {2nd},
  publisher = {A K Peters Ltd.},
  year      = {2001--2004}
}

@misc{bf_turing_complete,
  author    = {{Iwriteiam.nl}},
  title     = {BF is Turing-complete},
  year      = {2023},
  howpublished = {Online},
  url       = {https://iwriteiam.nl/Ha_bf_Turing.html},
  note      = {Accessed: 2023-04-30}
}

@article{hoekstra1991,
url = {https://doi.org/10.1515/tlir.1991.8.1.47},
title = {X-BAR THEORY AND LICENSING MECHANISMS},
title = {},
author = {Eric Hoekstra},
pages = {47--74},
volume = {8},
number = {1},
journal = {The Linguistic Review},
doi = {doi:10.1515/tlir.1991.8.1.47},
year = {1991},
lastchecked = {2025-03-29}
}

@misc{gaboury2013,
  author    = {Jacob Gaboury},
  title     = {A Queer History of Computing: Part Three},
  year      = {2013},
  howpublished = {Online},
  url       = {https://rhizome.org/editorial/2013/apr/9/queer-history-computing-part-three/},
}

@misc{montfort2014,
  author    = {Nick Montfort},
  title     = {Love Letters},
  year      = {2014},
  howpublished = {Online},
  url       = {https://nickm.com/memslam/love_letters.html},
  note      = {Accessed: 2025-03-29}
}

@book{hodges1992,
  author    = {Andrew Hodges},
  title     = {Alan Turing: The Enigma},
  publisher = {Vintage Books},
  year      = {1992},
  pages     = {478},
  address   = {London}
}

